<record><leader>00000cas a22000007a 4500</leader><controlfield tag="001">16157026</controlfield><controlfield tag="008">870710d186u186unjuwr ne      0    0eng d</controlfield><datafield ind1=" " ind2=" " tag="010"><subfield code="a">sn 87068212 </subfield></datafield><datafield ind1=" " ind2=" " tag="040"><subfield code="a">NJW</subfield><subfield code="b">eng</subfield><subfield code="c">NJW</subfield><subfield code="d">OCLCQ</subfield><subfield code="d">NJR</subfield><subfield code="d">OCLCO</subfield><subfield code="d">OCLCF</subfield></datafield><datafield ind1=" " ind2=" " tag="042"><subfield code="a">msc</subfield></datafield><datafield ind1="0" ind2="0" tag="245"><subfield code="a">Somerset weekly gazette.</subfield></datafield><datafield ind1=" " ind2=" " tag="260"><subfield code="a">Somerville, N.J. :</subfield><subfield code="b">David K. Milliken</subfield></datafield><datafield ind1=" " ind2=" " tag="310"><subfield code="a">Weekly</subfield></datafield><datafield ind1=" " ind2=" " tag="530"><subfield code="a">Also issued on microfilm as part of the Civil War newspapers collection.</subfield></datafield><datafield ind1=" " ind2=" " tag="588"><subfield code="a">Description based on: Vol. 2, no. 49 (Feb. 15, 1864).</subfield></datafield><datafield ind1=" " ind2="0" tag="651"><subfield code="a">Somerville (N.J.)</subfield><subfield code="v">Newspapers.</subfield></datafield><datafield ind1=" " ind2="7" tag="651"><subfield code="a">New Jersey</subfield><subfield code="z">Somerville.</subfield><subfield code="2">fast</subfield><subfield code="0">(OCoLC)fst01230882</subfield></datafield><datafield ind1=" " ind2="7" tag="655"><subfield code="a">Newspapers.</subfield><subfield code="2">fast</subfield><subfield code="0">(OCoLC)fst01423814</subfield></datafield><datafield ind1=" " ind2=" " tag="752"><subfield code="a">United States</subfield><subfield code="b">New Jersey</subfield><subfield code="c">Somerset</subfield><subfield code="d">Somerville.</subfield></datafield><datafield ind1="0" ind2="0" tag="780"><subfield code="t">Somerset and Union gazette</subfield><subfield code="w">(DLC)sn 85035803</subfield><subfield code="w">(OCoLC)13242233</subfield></datafield><datafield ind1="0" ind2="0" tag="785"><subfield code="t">Somerset gazette</subfield><subfield code="w">(DLC)sn 84026170</subfield><subfield code="w">(OCoLC)10314831</subfield></datafield></record>